@incollection{Computin_with_netral_atoms_nakahara,
  author		= "Nakahara, M., & Ohmi, T",
  title			="Quantum Computing with Neutral Atoms",
  booktitle		= "Quantum Computing: From Linear Algebra to Physical Realizations ",
  pages			= "311--329",
  address		= "Boca Raton",
  publisher		= "CRC Press",
  year			= "2008",
 doi			= "10.1201/9781420012293.ch14"
}
@article{Bernardini_trapped_ions,
  author		= "Francesco Bernardini",
  title			= "Quantum computing with trapped ions: a beginner's guide",
  journal		= "{Eur}opean {J}ournal of {P}hysics",
  volume		= "45",
  year			= "2024",
  doi			= "10.1088/1361-6404/ad06be"
}
@phdthesis{hecht2004quantum,
  title={Quantum computation with Bose-Einstein condensates},
  author={Hecht, Theresa},
  year={2004},
  school={Citeseer}
}
@article{practical_guide_to_quantum_computer_sc,
  author		= "YY Gao, MA Rol, S Touzard, C Wang",
  title			= "A practical guide for building superconducting quantum devices",
  journal		= "PRX Quantum",
  year			= "2021",
  doi			= "arXiv:2106.06173"
}
@article{guide_to_sc_qbits,
   title={A quantum engineerâ€™s guide to superconducting qubits},
   volume={6},
   ISSN={1931-9401},
   url={http://dx.doi.org/10.1063/1.5089550},
   DOI={10.1063/1.5089550},
   number={2},
   journal={Applied Physics Reviews},
   publisher={AIP Publishing},
   author={Krantz, P. and Kjaergaard, M. and Yan, F. and Orlando, T. P. and Gustavsson, S. and Oliver, W. D.},
   year={2019},
   month=jun 
}
@article{Wintersperger_2023,
   title={Neutral atom quantum computing hardware: performance and end-user perspective},
   volume={10},
   ISSN={2196-0763},
   url={http://dx.doi.org/10.1140/epjqt/s40507-023-00190-1},
   DOI={10.1140/epjqt/s40507-023-00190-1},
   number={1},
   journal={EPJ Quantum Technology},
   publisher={Springer Science and Business Media LLC},
   author={Wintersperger, Karen and Dommert, Florian and Ehmer, Thomas and Hoursanov, Andrey and Klepsch, Johannes and Mauerer, Wolfgang and Reuber, Georg and Strohm, Thomas and Yin, Ming and Luber, Sebastian},
   year={2023},
   month=aug }

@article{takada2024improving,
  title={Improving Threshold for Fault-Tolerant Color-Code Quantum Computing by Flagged Weight Optimization},
  author={Takada, Yugo and Fujii, Keisuke},
  journal={PRX Quantum},
  volume={5},
  number={3},
  pages={030352},
  year={2024},
  publisher={APS}
}

@article{resch2019quantum,
  title={Quantum computing: an overview across the system stack},
  author={Resch, Salonik and Karpuzcu, Ulya R},
  journal={arXiv preprint arXiv:1905.07240},
  year={2019}
}

@inproceedings{fu2016heterogeneous,
  title={A heterogeneous quantum computer architecture},
  author={Fu, Xiang and Riesebos, Leon and Lao, Lingling and Almudever, Carmen G and Sebastiano, Fabio and Versluis, Richard and Charbon, Edoardo and Bertels, Koen},
  booktitle={Proceedings of the ACM International Conference on Computing Frontiers},
  pages={323--330},
  year={2016}
}

@article{bertels2020quantum,
  title={Quantum computer architecture toward full-stack quantum accelerators},
  author={Bertels, KOEN and Sarkar, Aritra and Hubregtsen, Thomas and Serrao, M and Mouedenne, Abid A and Yadav, Amitabh and Krol, A and Ashraf, Imran and Almudever, C Garcia},
  journal={IEEE Transactions on Quantum Engineering},
  volume={1},
  pages={1--17},
  year={2020},
  publisher={IEEE}
}

@article{rotta2017quantum,
  title={Quantum information density scaling and qubit operation time constraints of CMOS silicon-based quantum computer architectures},
  author={Rotta, Davide and Sebastiano, Fabio and Charbon, Edoardo and Prati, Enrico},
  journal={npj Quantum Information},
  volume={3},
  number={1},
  pages={26},
  year={2017},
  publisher={Nature Publishing Group UK London}
}